@article{mnih2015human,
  title={Human-level control through deep reinforcement learning},
  author={Mnih, Volodymyr and Kavukcuoglu, Koray and Silver, David and Rusu, Andrei A and Veness, Joel and Bellemare, Marc G and Graves, Alex and Riedmiller, Martin and Fidjeland, Andreas K and Ostrovski, Georg and others},
  journal={Nature},
  volume={518},
  number={7540},
  pages={529},
  year={2015},
  publisher={Nature Publishing Group}
}

@article{silver2016mastering,
  title={Mastering the game of Go with deep neural networks and tree search},
  author={Silver, David and Huang, Aja and Maddison, Chris J and Guez, Arthur and Sifre, Laurent and Van Den Driessche, George and Schrittwieser, Julian and Antonoglou, Ioannis and Panneershelvam, Veda and Lanctot, Marc and others},
  journal={nature},
  volume={529},
  number={7587},
  pages={484},
  year={2016},
  publisher={Nature Publishing Group}
}

@article{kober2013reinforcement,
  title={Reinforcement learning in robotics: A survey},
  author={Kober, Jens and Bagnell, J Andrew and Peters, Jan},
  journal={The International Journal of Robotics Research},
  volume={32},
  number={11},
  pages={1238--1274},
  year={2013},
  publisher={SAGE Publications Sage UK: London, England}
}

@inproceedings{berkenkamp2017safe,
  title={Safe model-based reinforcement learning with stability guarantees},
  author={Berkenkamp, Felix and Turchetta, Matteo and Schoellig, Angela and Krause, Andreas},
  booktitle={Advances in neural information processing systems},
  pages={908--918},
  year={2017}
}

@inproceedings{achiam2017constrained,
  title={Constrained policy optimization},
  author={Achiam, Joshua and Held, David and Tamar, Aviv and Abbeel, Pieter},
  booktitle={Proceedings of the 34th International Conference on Machine Learning-Volume 70},
  pages={22--31},
  year={2017},
  organization={JMLR. org}
}

@article{dalal2018safe,
  title={Safe exploration in continuous action spaces},
  author={Dalal, Gal and Dvijotham, Krishnamurthy and Vecerik, Matej and Hester, Todd and Paduraru, Cosmin and Tassa, Yuval},
  journal={arXiv preprint arXiv:1801.08757},
  year={2018}
}

@article{kendall2018learning,
  title={Learning to Drive in a Day},
  author={Kendall, Alex and Hawke, Jeffrey and Janz, David and Mazur, Przemyslaw and Reda, Daniele and Allen, John-Mark and Lam, Vinh-Dieu and Bewley, Alex and Shah, Amar},
  journal={arXiv preprint arXiv:1807.00412},
  year={2018}
}

@article{park2017general,
  title={General heuristics for nonconvex quadratically constrained quadratic programming},
  author={Park, Jaehyun and Boyd, Stephen},
  journal={arXiv preprint arXiv:1703.07870},
  year={2017}
}

@misc{drive-smoothly-in-minutes,
  author = {Raffin, Antonin and Sokolkov, Roma},
  title = {Learning to Drive Smoothly in Minutes},
  year = {2019},
  publisher = {GitHub},
  journal = {GitHub repository},
  howpublished = {\url{https://github.com/araffin/learning-to-drive-in-5-minutes/}},
}

@misc{donkeyCar-simulator,
  author = {Tawn Kramer},
  title = {Self Driving Car Sandbox},
  year = {2018},
  publisher = {GitHub},
  journal = {GitHub repository},
  howpublished = {\url{https://github.com/tawnkramer/sdsandbox}},
}

@article{schulman2017proximal,
  title={Proximal policy optimization algorithms},
  author={Schulman, John and Wolski, Filip and Dhariwal, Prafulla and Radford, Alec and Klimov, Oleg},
  journal={arXiv preprint arXiv:1707.06347},
  year={2017}
}

@article{lillicrap2015continuous,
  title={Continuous control with deep reinforcement learning},
  author={Lillicrap, Timothy P and Hunt, Jonathan J and Pritzel, Alexander and Heess, Nicolas and Erez, Tom and Tassa, Yuval and Silver, David and Wierstra, Daan},
  journal={arXiv preprint arXiv:1509.02971},
  year={2015}
}

@article{haarnoja2018soft,
  title={Soft actor-critic: Off-policy maximum entropy deep reinforcement learning with a stochastic actor},
  author={Haarnoja, Tuomas and Zhou, Aurick and Abbeel, Pieter and Levine, Sergey},
  journal={arXiv preprint arXiv:1801.01290},
  year={2018}
}

@misc{safe-RL-video1,
  author = {Tao Sun},
  title = {Safety layer method applied to Autonomous Drive},
  year = {2019},
  publisher = {GitHub},
  journal = {GitHub repository},
  howpublished = {\url{https://github.com/taosun-victor/drive_safeRL/blob/master/store-simple-linear-use/sac-03.gif}}
}

@misc{safe-RL-video2,
  author = {Tao Sun},
  title = {Safety layer method applied to Autonomous Drive},
  year = {2019},
  publisher = {GitHub},
  journal = {GitHub repository},
  howpublished = {\url{https://github.com/taosun-victor/drive_safeRL/blob/master/store-simple-linear-use/safe-sac-03.gif}}
}

@misc{safe-RL-video3,
  author = {Tao Sun},
  title = {Safety layer method applied to Autonomous Drive},
  year = {2019},
  publisher = {GitHub},
  journal = {GitHub repository},
  howpublished = {\url{https://github.com/taosun-victor/drive_safeRL/blob/master/store-complex-linear-use/complex-safe-sac.gif}}
}
